@phdthesis{ALV13,
AUTHOR =       {Alvarez, C. M. R.},
TITLE =        {Simulação computacional adaptativa de escoamentos bifásicos viscoeláticos},
SCHOOL =    {Universidade de São Paulo},
YEAR =         {2013},
}

@article{APT09,
AUTHOR =       {Apte, S. V. and Mahesh, K. and Moin, P.},
TITLE =        {Large-eddy simulation of evaporating spray in a coaxial combustor},
JOURNAL =      {Proceedings of the Combustion Institute},
YEAR =         {2009},
volume =       {32},
number =       {2},
pages =        {2247-2256},
PUBLISHER = {Elsevier},
}

@article{ASC95,
 title={Implicit-explicit methods for time-dependent partial differential equations},
  author={Ascher, U. M. and Ruuth, S. J. and Wetton, B. T. R},
  journal={SIAM Journal on Numerical Analysis},
  volume={32},
  number={3},
  pages={797--823},
  year={1995},
  publisher={SIAM},
}

@incollection{BEL05,
  title={AMR for low Mach number reacting flow},
  author={Bell, J.},
  booktitle={Adaptive Mesh Refinement-Theory and Applications},
  pages={203--221},
  year={2005},
  publisher={Springer}
}

@article{BER91,
  title={An algorithm for point clustering and grid generation},
  author={Berger, M. and Rigoutsos, I.},
  journal={IEEE Transactions on Systems, Man, and Cybernetics},
  volume={21},
  number={5},
  pages={1278--1286},
  year={1991},
  publisher={IEEE}
}

@article{BER84,
title={Adaptive mesh refinement for hyperbolic partial differential equations},
  author={Berger, M. J. and Oliger, J.},
  journal={Journal of computational Physics},
  volume={53},
  number={3},
  pages={484--512},
  year={1984},
  publisher={Elsevier}
}

@book{BUT03,
  title={Numerical methods for ordinary differential equations},
  author={Butcher, J. C.},
  year={2003},
  publisher={John Wiley \& Sons}
}

@phdthesis{CAL12,
AUTHOR =       {Calegari, P. C.},
TITLE =        {Simulação computacional de escoamentos reativos com baixo número de Mach aplicando técnicas de refinamento adaptativo de malhas},
SCHOOL =    {Universidade de São Paulo},
YEAR =         {2012},
}

@article{CEC10,
  title={Three-dimensional, fully adaptive simulations of phase-field fluid models},
  author={Ceniceros, Hector D. and N{\'o}s, Rudimar L. and Roma, Alexandre M.},
  journal={Journal of computational physics},
  volume={229},
  number={17},
  pages={6135--6155},
  year={2010},
  publisher={Elsevier}
}

@article{CHO68,
  title={Numerical solution of the Navier-Stokes equations},
  author={Chorin, A. J.},
  journal={Mathematics of computation},
  volume={22},
  number={104},
  pages={745--762},
  year={1968}
}

@article{DAY00,
title={Numerical simulation of laminar reacting flows with complex chemistry},
  author={Day, M. S. and Bell, J. B.},
  journal={Combustion Theory and Modelling},
  volume={4},
  number={4},
  pages={535--556},
  year={2000},
  publisher={Taylor \& Francis}
}

@article{DUA13,
title={Time--space adaptive numerical methods for the simulation of combustion fronts},
  author={Duarte, M. and Descombes, S. and Tenaud, C. and Candel, S. and Massot, M.},
  journal={Combustion and Flame},
  volume={160},
  number={6},
  pages={1083--1101},
  year={2013},
  publisher={Elsevier}
}

@article{NOH18,
title={Comparison of droplet evaporation models for a turbulent, non-swirling jet flame with a polydisperse droplet distribution},
  author={Noh, Dongwon and Gallot-Lavallée, Simon and and Jones, William P. and Navarro-Martinez, Salvador},
  journal={Combustion and Flame},
  volume={194},
  pages={135--151},
  year={2018},
  publisher={Elsevier}
}

@article{JIA17,
title={Models for the combustion of single solid fuel particles in fluidized bed: a review},
  author={Jiang, Xuguang and Chen, Dandan and Ma, Zengyi and Yan, Jianhua},
  journal={Renewable and Sustainable Energy Reviews},
  volume={68},
  pages={410--431},
  year={2017},
  publisher={Elsevier}
}

@book{KNU97,
  title={The art of computer programming},
  author={Knuth, Donald Ervin},
  volume={3},
  year={1997},
  publisher={Pearson Education}
}

@book{FER03,
  title={Computational methods for fluid dynamics},
  author={Ferziger, Joel H and Peri{\'c}, Milovan},
  year={2002},
  publisher={Springer}
}

@article{GAO10,
 title={A parallel solution--adaptive method for three-dimensional turbulent non-premixed combusting flows},
  author={Gao, X. and Groth, C. P. T.},
  journal={Journal of Computational Physics},
  volume={229},
  number={9},
  pages={3250--3275},
  year={2010},
  publisher={Elsevier}
}
@article{GRI99,
  title={Adaptive sparse grid multilevel methods for elliptic PDEs based on finite differences},
  author={Griebel, M.},
  journal={Computing},
  volume={61},
  number={2},
  pages={151--179},
  year={1998},
  publisher={Springer}
}

@article{GRI07,
  title={An adaptive, formally second order accurate version of the immersed boundary method},
  author={Griffith, B. E. and Hornung, R. D. and McQueen, D. M. and Peskin, C. S.},
  journal={Journal of Computational Physics},
  volume={223},
  number={1},
  pages={10--49},
  year={2007},
  publisher={Elsevier}
}

@article{HUA19,
  title={High order, linearly stable, particioned solvers for general multiphysics problems based on implicit-explicit Runge-Kutta schemes},
  author={Huang, D. Z. and Persson, P. O. and Zahr, M. J.},
  journal={Computer methods in applied mechanics and enginnering},
  volume={346},
  pages={674--706},
  year={2019},
  publisher={Elsevier}
}

@article{IRE17,
  title={Improving particle drag predictions in Euler-Lagrange simulations with two-way coupling},
  author={Ireland, P. J. and Desjardins, O.},
  journal={Journal of Computational Physics},
  volume={338},
  pages={405--430},
  year={2017},
  publisher={Elsevier}
}

@book{KUO05,
  title={Principles of combustion},
  author={Kuo, K. K.},
  year={2005},
  publisher = {John Wiley $\&$ Sons},
}

@book{LEV02,
 title={Finite volume methods for hyperbolic problems},
  author={LeVeque, R. J},
  year={2002},
  publisher={Cambridge university press}
}

@article{MAD85,
  title={The derivation and numerical solution of the equations for zero Mach number combustion},
  author={MAJDA, ANDFREW and Sethian, James},
  journal={Combustion science and technology},
  volume={42},
  number={3-4},
  pages={185--205},
  year={1985},
  publisher={Taylor \& Francis}
}

@article{MIN15,
  title={On Lagrangian stochastic methods for turbulent polydisperse two-phase reactive flows},
  author={Minier, Jean-Pierre},
  journal={Progress in Energy and Combustion Science},
  volume={50},
  pages={1--62},
  year={2015},
  publisher={Elsevier}
}

@book{MUL12,
  title={Adaptive multiscale schemes for conservation laws},
  author={M{\"u}ller, S.},
  volume={27},
  year={2012},
  publisher={Springer Science \& Business Media}
}

@article{NON18,
  title={A conservative, thermodynamically consistent numerical approach for low Mach number combustion. Part I: Single-level integration},
  author={Nonaka, A. and Day, M. S. and Bell, J. B},
  journal={Combustion Theory and Modelling},
  volume={22},
  number={1},
  pages={156--184},
  year={2018},
  publisher={Taylor \& Francis}
}

@article{PEM98,
  title={An adaptive projection method for unsteady, low-Mach number combustion},
  author={Pember, R. B. and Howell, L. H. and Bell, J. B. and Colella, P. and Crutchfield, W. Y. and Fiveland, W. A. and Jessee, J. P.},
  journal={Combustion Science and Technology},
  volume={140},
  number={1-6},
  pages={123--168},
  year={1998},
  publisher={Taylor \& Francis}
}

@book{POI05,
  title={Theoretical and numerical combustion},
  author={Poinsot, T. and Veynante, D.},
  year={2005},
  publisher={RT Edwards, Inc.}
}

@book{POP01,
 title={Turbulent flows},
  author={Pope, Stephen B},
  year={2001},
  publisher={IOP Publishing}
}

@article{RIB09,
  title={Evaluation of numerical strategies for large eddy simulation of particulate two-phase recirculating flows},
  author={Riber, E. and Moureau, V. and Garc{\'\i}a, M. and Poinsot, T. and Simonin, O.},
  journal={Journal of Computational Physics},
  volume={228},
  number={2},
  pages={539--564},
  year={2009},
  publisher={Elsevier}
}

@article{ROM99,
  title={An adaptive version of the immersed boundary method},
  author={Roma, A. M. and Peskin, C. S. and Berger, M. J.},
  journal={Journal of computational physics},
  volume={153},
  number={2},
  pages={509--534},
  year={1999},
  publisher={Elsevier}
}

@book{SAA03,
 title={Iterative methods for sparse linear systems},
  author={Saad, Yousef},
  year={2003},
  publisher={siam}
}

@article{SAN11,
 title={Modeling of nonreacting and reacting turbulent spray jets using a fully stochastic separated flow approach},
  author={De, Santanu and Lakshmisha, K. N. and Bilger, R. W.},
  journal={Combustion and Flame},
  volume={158},
  number={10},
  pages={1992--2008},
  year={2011},
  publisher={Elsevier}
}

@article{SAN13,
  title={Large eddy simulation of dilute reacting sprays: Droplets evaoration and scalar mixing},
  author={De, Santanu and Kim, S. H.},
  journal={Combustion and Flame},
  volume={160},
  pages={2048--2066},
  year={2013},
  publisher={Elsevier}
}

@book{SCH11,
  title={Multiphase flows with droplets and particles},
  author={Schwarzkopf, J. D. and Sommerfeld, M. and Crowe, C. T. and Tsuji, Y.},
  year={2011},
  publisher={CRC press}
}

@book{SZW12,
  title={Estruturas de Dados e seus Algoritmos},
  author={Szwarcfiter, J. L. and Markenzon, L.},
  year = {2012},
  publisher = {Editora LTC},
}

@book{TEM01,
  title={Navier-Stokes equations: theory and numerical analysis},
  author={Temam, Roger},
  volume={343},
  year={2001},
  publisher={American Mathematical Soc.}
}

@book{TRO01,
title={Multigrid},
  author={Trottenberg, Ulrich and Oosterlee, Cornelius W and Schüller, Anton},
  year={2000},
  publisher={Elsevier}
}

@book{VER07,
  title={An introduction to computational fluid dynamics: the finite volume method},
  author={Versteeg, H. K. and Malalasekera, W.},
  year={2007},
  publisher={Pearson education}
}

