%Book
@book{CLRS09,
  title={Introduction to algorithms},
  author={Cormen, Thomas H and Leiserson, Charles E and Rivest, Ronald L and Stein, Clifford},
  year={2009},
  publisher={MIT press}
}

@book{DAS08,
  title={Algorithms},
  author={Dasgupta, Sanjoy and Papadimitriou, Christos H and Vazirani, Umesh Virkumar},
  year={2008},
  publisher={McGraw-Hill Higher Education New York}
}

@book{BUT03,
  title={Numerical methods for ordinary differential equations},
  author={Butcher, J. C.},
  year={2003},
  publisher={John Wiley \& Sons}
}

@book{FER02,
  title={Computational methods for fluid dynamics},
  author={Ferziger, Joel H and Peri{\'c}, Milovan and Street, Robert L},
  volume={3},
  year={2002},
  publisher={Springer}
}

@book{KNU97,
  title={The art of computer programming},
  author={Knuth, Donald Ervin},
  volume={3},
  year={1997},
  publisher={Pearson Education}
}

@book{KUO05,
  title={Principles of combustion},
  author={Kuo, K. K.},
  year={2005},
  publisher = {John Wiley $\&$ Sons},
}

@book{LEV02,
 title={Finite volume methods for hyperbolic problems},
  author={LeVeque, R. J},
  year={2002},
  publisher={Cambridge university press}
}

@book{MUL12,
  title={Adaptive multiscale schemes for conservation laws},
  author={M{\"u}ller, S.},
  volume={27},
  year={2012},
  publisher={Springer Science \& Business Media}
}

@book{PLE05,
  title="Adaptive mesh refinement-theory and applications",
  author="Plewa, Tomasz and Linde, Timur and Weirs, V Gregory and others",
  year="2003",
  doi = "10.1007/b138538",
  publisher="Springer"
}

@book{POI05,
  title={Theoretical and numerical combustion},
  author={Poinsot, T. and Veynante, D.},
  year={2005},
  publisher={RT Edwards, Inc.}
}

@book{POP01,
 title={Turbulent flows},
  author={Pope, Stephen B},
  year={2001},
  publisher={IOP Publishing}
}

@book{SAA03,
 title={Iterative methods for sparse linear systems},
  author={Saad, Yousef},
  year={2003},
  publisher={siam}
}

@book{SCH11,
  title={Multiphase flows with droplets and particles},
  author={Schwarzkopf, J. D. and Sommerfeld, M. and Crowe, C. T. and Tsuji, Y.},
  year={2011},
  publisher={CRC press}
}

@book{SZW12,
  title={Estruturas de Dados e seus Algoritmos},
  author={Szwarcfiter, J. L. and Markenzon, L.},
  year = {2012},
  publisher = {Editora LTC},
}

@book{TEM01,
  title={Navier-Stokes equations: theory and numerical analysis},
  author={Temam, Roger},
  volume={343},
  year={2001},
  publisher={American Mathematical Soc.}
}

@book{TRO00,
  title={Multigrid},
  author={Trottenberg, Ulrich and Oosterlee, Cornelius W and Schuller, Anton},
  year={2000},
  publisher={Elsevier}
}

@book{TUR00,
  title={An introduction to combustion: concepts and applications},
  author={Turns, S. R.},
  year={1996},
  publisher={McGraw-Hill New York}
}

@book{VER07,
  title={An introduction to computational fluid dynamics: the finite volume method},
  author={Versteeg, H. K. and Malalasekera, W.},
  year={2007},
  publisher={Pearson education}
}

%Thesis

@phdthesis{CAL12,
AUTHOR =       {Calegari, P. C.},
TITLE =        {Simula\c{c}\~ao computacional de escoamentos reativos com baixo n√∫mero de Mach aplicando t\'ecnicas de refinamento adaptativo de malhas},
SCHOOL =    {Universidade de S\~ao Paulo},
YEAR =         {2012},
}

%Colection and proceedings

@incollection{BEL05,
  title="AMR for low Mach number reacting flow",
  author="Bell, J.",
  booktitle="Adaptive Mesh Refinement-Theory and Applications",
  pages="203--221",
  year="2003",
  doi = "10.1007/3-540-27039-6_14",
  publisher="Springer"
}

@inproceedings{HIL97,
  title = "A projection method for low Mach number fast chemistry reacting flow",
  author = "Hilditch, James and Colella, Phillip",
  booktitle="35th Aerospace Sciences Meeting and Exhibit",
  pages="263",
  doi = "10.2514/6.1997-263",
  year="1997"
}

@incollection{HPV12,
author = {Hank Childs and Eric Brugger and Brad Whitlock and Jeremy Meredith and Sean Ahern and David Pugmire and Kathleen Biagas and Mark Miller and Cyrus Harrison and Gunther H. Weber and Hari Krishnan and Thomas Fogal and Allen Sanderson and Christoph Garth and E. Wes Bethel and David Camp and Oliver R\"{u}bel and Marc Durant and Jean M. Favre and Paul Navr\'{a}til},
title = {VisIt: An End-User Tool For Visualizing and Analyzing Very Large Data},
year = "2012",
pages = "357-372",
month = "Oct",
doi = "10.1.1.393.8134",
booktitle = {High Performance Visualization--Enabling Extreme-Scale Scientific Insight},
}

@inproceedings{SMO98,
  title={Computational and experimental study of a forced, timevarying, axisymmetric, laminar diffusion flame},
  author={Mohammed, Rahima K and Tanoff, Michael A and Smooke, Mitchell D and Schaffer, Andrew M and Long, Marshall B},
  booktitle={Symposium (International) on Combustion},
  volume={27},
  pages={693--702},
  year={1998},
  doi = "10.1016/S0082-0784(98)80462-1",
  organization={Elsevier}
  }

@incollection{NOR05,
  title={Solution of laminar combusting flows using a parallel implicit adaptive mesh refinement algorithm},
  author={Northrup, S.A. and Groth, C.P.T.},
  booktitle={Computational Fluid Dynamics 2006},
  pages={341--346},
  year={2009},
  doi = "10.1007/978-3-540-92779-2_52",
  publisher={Springer}
}

@inproceedings{SMO96,
  title={Computational and experimental study of NO in an axisymmetric laminar diffusion flame},
  author={Smooke, MD and Ern, A. and Tanoff, MA and Valdati, BA and Mohammed, RK and Marran, DF and Long, MB},
  booktitle={Symposium (International) on Combustion},
  volume={26},
  pages={2161--2170},
  year={1996},
  organization={Elsevier}
}

%Papers

@article{ARN16,
  title="The role of temperature, mixture fraction, and scalar dissipation rate on transient methane injection and auto-ignition in a jet in hot coflow burner",
  author="Arndt, Christoph M and Papageorge, Michael J and Fuest, Frederik and Sutton, Jeffrey A and Meier, Wolfgang and Aigner, Manfred",
  journal="Combustion and Flame",
  volume="167",
  pages="60--71",
  year="2016",
  doi = "10.1016/j.combustflame.2016.02.027",
  publisher="Elsevier"
}

@article{ASC95,
 title="Implicit-explicit methods for time-dependent partial differential equations",
  author="Ascher, U. M. and Ruuth, S. J. and Wetton, B. T. R",
  journal="SIAM Journal on Numerical Analysis",
  volume="32",
  number="3",
  pages="797--823",
  year="1995",
  publisher="SIAM",
  doi = "10.1137/0732037",
}

@article{BEN15,
  title={Some Illustrative Examples on the Use of Hash Tables},
  author={Bento, Lucila Maria de Souza and S{\'a}, Vin{\'\i}cius Gusm{\~a}o Pereira de and Szwarcfiter, Jayme Luiz},
  journal={Pesquisa Operacional},
  volume={35},
  number={2},
  pages={423--437},
  year={2015},
  doi = "10.1590/0101-7438.2015.035.02.0423",
  publisher={SciELO Brasil}
}

@article{BER89,
  title="Local adaptive mesh refinement for shock hydrodynamics",
  author="Berger, Marsha J and Colella, Phillip and others",
  journal="Journal of computational Physics",
  volume="82",
  number="1",
  pages="64--84",
  doi = "10.1016/0021-9991(89)90035-1",
  year="1989"
}

@article{BER91,
  title="An algorithm for point clustering and grid generation",
  author="Berger, M. and Rigoutsos, I.",
  journal="IEEE Transactions on Systems, Man, and Cybernetics",
  volume="21",
  number="5",
  pages="1278--1286",
  year="1991",
  doi = "10.1109/21.120081",
  publisher="IEEE"
}

@article{BER84,
title="Adaptive mesh refinement for hyperbolic partial differential equations",
  author="Berger, M. J. and Oliger, J.",
  journal="Journal of computational Physics",
  volume="53",
  number="3",
  pages="484--512",
  year="1984",
  doi = "10.1016/0021-9991(84)90073-1",
  publisher="Elsevier"
}

@article{BIL11,
  title={A mixture fraction framework for the theory and modeling of droplets and sprays},
  author={Bilger, Robert W},
  journal={Combustion and Flame},
  volume={158},
  number={2},
  pages={191--202},
  year={2011},
  doi = "10.1016/j.combustflame.2010.08.008",
  publisher={Elsevier}
}

@article{CEC10,
  title="Three-dimensional, fully adaptive simulations of phase-field fluid models",
  author="Ceniceros, Hector D. and N{\'o}s, Rudimar L. and Roma, Alexandre M.",
  journal="Journal of computational physics",
  volume="229",
  number="17",
  pages="6135--6155",
  year="2010",
  doi = "10.1016/j.jcp.2010.04.045",
  publisher="Elsevier"
}

@article{CHO68,
  title="Numerical solution of the Navier-Stokes equations",
  author="Chorin, A. J.",
  journal="Mathematics of computation",
  volume="22",
  number="104",
  pages="745--762",
  doi = "10.2307/2004575",
  year="1968"
}

@article{COL18,
  title={Fast mesh-to-mesh remaps using hash algorithms},
  author={Collom, Gerald and Redman, Colin and Robey, Robert W},
  journal={SIAM Journal on Scientific Computing},
  volume={40},
  number={4},
  pages={C450--C476},
  year={2018},
  doi = "10.1137/16M109140X",
  publisher={SIAM}
}

@article{DAY00,
title="Numerical simulation of laminar reacting flows with complex chemistry",
  author="Day, M. S. and Bell, J. B.",
  journal="Combustion Theory and Modelling",
  volume="4",
  number="4",
  pages="535--556",
  year="2000",
  doi = "10.1088/1364-7830/4/4/309",
  publisher="Taylor \& Francis"
}

@article{DUA13,
title="Time--space adaptive numerical methods for the simulation of combustion fronts",
  author="Duarte, M. and Descombes, S. and Tenaud, C. and Candel, S. and Massot, M.",
  journal="Combustion and Flame",
  volume="160",
  number="6",
  pages="1083--1101",
  year="2013",
  doi = "10.1016/j.combustflame.2013.01.013",
  publisher={Elsevier}
}

@article{FOO18,
  title="Influence of nozzle diameter on soot evolution in acoustically forced laminar non-premixed flames",
  author="Foo, Kae Ken and Sun, Zhiwei and Medwell, Paul R and Alwahabi, Zeyad T and Nathan, Graham J and Dally, Bassam B",
  journal="Combustion and Flame",
  volume="194",
  pages="376--386",
  year="2018",
  doi = "10.1016/j.combustflame.2018.05.026",
  publisher="Elsevier"
}

@article{GAO10,
 title="A parallel solution--adaptive method for three-dimensional turbulent non-premixed combusting flows",
  author="Gao, X. and Groth, C. P. T.",
  journal="Journal of Computational Physics",
  volume="229",
  number="9",
  pages="3250--3275",
  year="2010",
  doi = "10.1016/j.jcp.2010.01.001",
  publisher="Elsevier"
}

@article{GRI99,
  title="Adaptive sparse grid multilevel methods for elliptic PDEs based on finite differences",
  author="Griebel, M.",
  journal="Computing",
  volume="61",
  number="2",
  pages="151--179",
  year="1998",
  doi = "10.1007/BF02684411",
  publisher="Springer"
}

@article{GRI07,
  title="An adaptive, formally second order accurate version of the immersed boundary method",
  author="Griffith, B. E. and Hornung, R. D. and McQueen, D. M. and Peskin, C. S.",
  journal="Journal of Computational Physics",
  volume="223",
  number="1",
  pages="10--49",
  year="2007",
  doi = "10.1016/j.jcp.2006.08.019",
  publisher="Elsevier"
}

@article{HUA19,
  title="High order, linearly stable, particioned solvers for general multiphysics problems based on implicit-explicit Runge-Kutta schemes",
  author="Huang, D. Z. and Persson, P. O. and Zahr, M. J.",
  journal="Computer methods in applied mechanics and enginnering",
  volume="346",
  pages="674--706",
  year="2019",
  doi = "10.1016/j.cma.2018.09.015",
  publisher="Elsevier"
}

@article{IRE17,
  title="Improving particle drag predictions in Euler-Lagrange simulations with two-way coupling",
  author="Ireland, P. J. and Desjardins, O.",
  journal="Journal of Computational Physics",
  volume="338",
  pages="405--430",
  year="2017",
  doi = "10.1016/j.jcp.2017.02.070",
  publisher="Elsevier"
}

@article{JIA17,
title="Models for the combustion of single solid fuel particles in fluidized bed: a review",
  author="Jiang, Xuguang and Chen, Dandan and Ma, Zengyi and Yan, Jianhua",
  journal="Renewable and Sustainable Energy Reviews",
  volume="68",
  pages="410--431",
  year="2017",
  doi = "10.1016/j.rser.2016.10.001",
  publisher="Elsevier"
}

@article{KEM05,
  title={Investigation of lenghtscales, scalar dissipation, and flame orientation in a piloted diffusion flame by LES},
  author={A. Kempf and F. Flemming and J. Janicka.},
  journal="Proceedings of the Combustion Institute",
  volume="30",
  pages="557--565",
  doi = "10.1016/j.proci.2004.08.182",
  year="2005"
}

@article{MAD85,
  title="The derivation and numerical solution of the equations for zero Mach number combustion",
  author="Majda, Andfrew and Sethian, James",
  journal="Combustion science and technology",
  volume="42",
  number="3-4",
  pages="185--205",
  year="1985",
  doi = "10.1080/00102208508960376",
  publisher="Taylor \& Francis"
}

@article{MIN15,
  title="On Lagrangian stochastic methods for turbulent polydisperse two-phase reactive flows",
  author="Minier, Jean-Pierre",
  journal="Progress in Energy and Combustion Science",
  volume="50",
  pages="1--62",
  year="2015",
doi = "10.1016/j.pecs.2015.02.003",
  publisher="Elsevier"
}

@article{NOH18,
title="Comparison of droplet evaporation models for a turbulent, non-swirling jet flame with a polydisperse droplet distribution",
  author="Noh, Dongwon and Gallot-Lavall√©e, Simon and and Jones, William P. and Navarro-Martinez, Salvador",
  journal="Combustion and Flame",
  volume="194",
  pages="135--151",
  year="2018",
  doi = "10.1016/j.combustflame.2018.04.018",
  publisher="Elsevier"
}

@article{NON18,
  title="A conservative, thermodynamically consistent numerical approach for low Mach number combustion. Part I: Single-level integration",
  author="Nonaka, A. and Day, M. S. and Bell, J. B",
  journal="Combustion Theory and Modelling",
  volume="22",
  number="1",
  pages="156--184",
  year="2018",
  doi = "10.1080/13647830.2017.1390610",
  publisher="Taylor \& Francis"
}

@article{PEM98,
  title="An adaptive projection method for unsteady, low-Mach number combustion",
  author="Pember, R. B. and Howell, L. H. and Bell, J. B. and Colella, P. and Crutchfield, W. Y. and Fiveland, W. A. and Jessee, J. P.",
  journal="Combustion Science and Technology",
  volume="140",
  number="1-6",
  pages="123--168",
  year="1998",
    doi = "10.1080/00102209808915770",
  publisher="Taylor \& Francis"
}

@article{PIR04,
  title="Progress-variable approach for large-eddy simulation of non-premixed turbulent combustion.",
  author="Pierce, C. D. and Moin, P.",
  journal="J. Fluid Mech.",
  volume="504",
  pages="73--97",
  year="2004",
  doi = "10.1017/S0022112004008213"
}

@article{PIT00,
  title="Large-eddy simulation of a turbulent piloted methane/air diffusion flame (Sandia flame D)",
  author="Pitsch, Heinz and Steiner, H",
  journal="Physics of fluids",
  volume="12",
  number="10",
  pages="2541--2554",
  year="2000",
  doi = "10.1063/1.1288493",
  publisher="American Institute of Physics"
}

@article{PIT08,
  title="Prediction of extinction and reignition in nonpremixed turbulent flames using a flamelet/progress variable model 2. Application in LES of Sandia flames D and E",
  author="Ihme, Mathias and Pitsch, Heinz",
  journal="Combustion and Flame",
  volume="155",
  pages="90--107",
  year="2008",
  doi = "10.1016/j.combustflame.2008.04.015",
  publisher="Elsevier"
}

@article{POP11,
  title="Molecular diffusion effects in LES of a piloted methane-air flame",
  author="Kemenov, Konstantin A. and Pope, Stephen B.",
  journal="Combustion and Flame",
  volume="158",
  pages="240--254",
  year="2011",
  doi = "10.1016/j.combustflame.2010.08.014",
  publisher="Elsevier"
}

@article{REH78,
  title={The equations of motion for thermally driven, buoyant flows},
  author={Rehm, R.G. and Baum, H.R.},
  journal={Journal of research of the National Bureau of Standards},
  volume={83},
  number={3},
  pages={297--308},
  year={1978}
}

@article{REN00,
  title="Dynamics of flame/vortex interactions",
  author="Renard, P-H and Thevenin, D and Rolon, Juan-Carlos and Candel, S\'ebastien",
  journal="Progress in energy and combustion science",
  volume="26",
  number="3",
  pages="225--282",
  year="2000",
  doi = "10.1016/S0360-1285(00)00002-2",
  publisher="Elsevier"
}
  
@article{RIB09,
  title="Evaluation of numerical strategies for large eddy simulation of particulate two-phase recirculating flows",
  author="Riber, E. and Moureau, V. and Garc{\'\i}a, M. and Poinsot, T. and Simonin, O.",
  journal="Journal of Computational Physics",
  volume="228",
  number="2",
  pages="539--564",
  year="2009",
  doi = "10.1016/j.jcp.2008.10.001", 
  publisher="Elsevier"
}

@article{ROM99,
  title="An adaptive version of the immersed boundary method",
  author="Roma, A. M. and Peskin, C. S. and Berger, M. J.",
  journal="Journal of computational physics",
  volume="153",
  number="2",
  pages="509--534",
  year="1999",
  doi = "10.1006/jcph.1999.6293",
  publisher="Elsevier"
}

@article{SAN11,
 title="Modeling of nonreacting and reacting turbulent spray jets using a fully stochastic separated flow approach",
  author="De, Santanu and Lakshmisha, K. N. and Bilger, R. W.",
  journal="Combustion and Flame",
  volume="158",
  number="10",
  pages="1992--2008",
  year="2011",
  doi = "10.1016/j.combustflame.2011.03.006",
  publisher="Elsevier"
}

@article{SAN13,
  title={Large eddy simulation of dilute reacting sprays: Droplets evaporation and scalar mixing},
  author={De, Santanu and Kim, S. H.},
  journal={Combustion and Flame},
  volume={160},
  pages={2048--2066},
  year={2013},
  doi = "10.1016/j.combustflame.2013.04.024",
  publisher={Elsevier}
}

@article{SMO13,
  title={The computation of laminar flames},
  author={Smooke, Mitchell D.},
  journal={Proceedings of the Combustion Institute},
  volume={34},
  number={1},
  pages={65--98},
  year={2013},
  doi = "10.1016/j.proci.2012.09.005",
  publisher={Elsevier}
}

@article{SOL20,
  title="Effect of CO2 diluent on the formation of pollutant NOx in the laminar non-premixed methane-air flame",
  author="Soloklou, Mohsen Nasiri and Golneshan, Ali Akbar",
  journal="International Journal of Heat and Mass Transfer",
  volume="148",
  pages="119071",
  year="2020",
  doi = "10.1016/j.ijheatmasstransfer.2019.119071",
  publisher="Elsevier"
}

@article{SUO19,
  title="An efficient finite-rate chemistry model for a preconditioned compressible flow solver and its comparison with the flamelet/progress-variable model",
  author="Yang, S. and X. Wang H. Huo and W. Sun and V. Yang",
  journal="Combustion and Flame",
  volume="210",
  pages="172--182",
  year="2019",
  doi = "10.1016/j.combustflame.2019.08.035",
  publisher="Elsevier"
}

@article{VRE08,
 title={Premixed and nonpremixed generated manifolds in large-eddy simulation of Sandia flame D and F},
  author={Vreman, A. W. and Albrecht, B. A. and van Oijen, J. A. and Goey, L. P. H. and Bastiaans, R. J. M.},
  journal={Combustion and Flame},
  volume={153},
  pages={394--416},
  year={2008},
  doi = "10.1016/j.combustflame.2008.01.009",
  publisher={Elsevier}
}

@article{WAN08,
  title={Variable step-size implicit-explicit linear multistep methods for time-dependent partial differential equations},
  author={Wang, D. and  Ruuth, Steven J.},
  journal={J. Comput. Math},
  volume={26},
  number={6},
  pages={835--855},
  year={2008},
  url ="www.jstor.org/stable/43693484",
  publisher={Elsevier}
}

@article{WEL15,
  title={A 3D front-tracking approach for simulation of a two-phase fluid with insoluble surfactant},
  author={de Jesus, Wellington C and Roma, Alexandre M and Pivello, M{\'a}rcio R and Villar, Millena M and da Silveira-Neto, Aristeu},
  journal={journal of Computational Physics},
  volume={281},
  pages={403--420},
  year={2015},
  doi = "10.1016/j.jcp.2014.10.021",
  publisher={Elsevier}
}













